 @misc{rpi,
    title={Raspberry Pi Zero W},
    url={https://www.raspberrypi.org/products/raspberry-pi-zero-w/},
    journal={Raspberry Pi},
    author={Raspberry Pi}
}
